@misc {
	netflix-date-france,
	title = "Netflix se lancera en France en septembre ou en octobre",
	author = "Jérôme Lefilliâtre",
	year = "mars 2014",
	howpublished = "Challenges",
	note = "\url{http://www.challenges.fr/high-tech/20140313.CHA1538/netflix-se-lancera-en-france-en-septembre-ou-en-octobre.html}"
}

@misc {
	popcorn-time,
	title = "Site de l'application Popcorn Time",
	year = "mai 2014",
	note = "\url{http://www.get-popcorn.com/}"
}

@misc {
	popcorn-time-github,
	title = "Dépôt GitHub de l'application Popcorn Time",
	year = "mai 2014",
	note = "\url{https://github.com/popcorn-official}"
}

@misc {
	popcorn-time-article,
	title = "Popcorn Time Is So Good at Movie Piracy, It’s Scary",
	author = "Jared Newman",
	year = "mars 2014",
	howpublished = "Time",
	note = "\url{http://time.com/18867/popcorn-time-is-so-good-at-movie-piracy-its-scary/}"
}

@misc {
	marche-musical-equilibre,
	title = "Chiffres clés : le marché français de la musique sur Internet",
	year = "novembre 2013",
	howpublished = "ZDNet",
	note = "\url{http://www.zdnet.fr/actualites/chiffres-cles-le-marche-francais-de-la-musique-sur-internet-39790982.htm}"
}

@misc{
	itunes-plus-release,
	author = "Apple",
	title = "Apple Launches {iT}unes {P}lus",
	year = "mai 2007",
	note = "\url{http://www.apple.com/pr/library/2007/05/30Apple-Launches-iTunes-Plus.html}"
}

@misc{
	hadopi-adoption,
	author = "Le Sénat",
	title = "Loi favorisant la diffusion et la protection de la création sur Internet",
	year = "juin 2009",
	note = "\url{http://www.senat.fr/dossier-legislatif/pjl07-405.html}"
}

@misc {
	hadopi-fichiers-surveilles,
	title = "Hadopi : comment sont sélectionnés les films surveillés ?",
	author = "Marc Rees",
	howpublished = "Next Inpact",
	year = "février 2013",
	note = "\url{http://www.nextinpact.com/news/77744-hadopi-comment-sont-selectionnes-films-surveilles.htm}"
}

@misc {
	label-pur,
	title = "Site officiel du label {PUR}",
	year = "mai 2014",
	note = "\url{http://www.offrelegale.fr/}"
}

@misc {
	hadopi-chiffres,
	title = "Les chiffres clés de la réponse graduée",
	author = "Hadopi",
	year = "avril 2014",
	note = "\url{http://www.hadopi.fr/actualites/reponse-graduee/chiffres-cles}"
}


@misc {
	hadopi-condamnation,
	title = "Hadopi : La peine du seul condamné ne sera pas appliquée grâce à un décret",
	author = "Jennifer Larcher",
	howpublished = "BeGeek.fr",
	year = "septembre 2013",
	note = "\url{http://www.begeek.fr/hadopi-peine-du-seul-condamne-sera-pas-appliquee-grace-decret-103251}"
}

@misc {
	hadopi-recul-p2p,
	title = "Hadopi voit un net recul du {P2P} en France",
	author = "Florence Santrot",
	year = "mars 2012",
	howpublished = "Metroe News",
	note = "\url{http://www.metronews.fr/high-tech/hadopi-voit-un-net-recul-du-p2p-en-france/mlcA!A5Z04pC69A1o/}"
}

@misc {
	suspension-sopa,
	title = "Sopa and Pipa bills postponed in US Congress",
	howpublished = "BBC",
	year = "janvier 2012",
	note = "\url{http://www.bbc.co.uk/news/world-us-canada-16655272}"
}

@misc {
	no-to-acta,
	title = "No to ACTA",
	author = "La {Q}uadrature du {N}et",
	year = "2012",
	note = "\url{http://www.laquadrature.net/fr/ACTA}"
}

@misc {
	acta-vote,
	title = "Le Parlement européen rejette l'ACTA",
	howpublished = "Europa.eu",
	year = "juillet 2012",
	note = "\url{http://www.europarl.europa.eu/news/fr/news-room/content/20120703IPR48247/html/Le-Parlement-europ%C3%A9en-rejette-l'ACTA}"
}

@misc {
	lutte-streaming,
	title = "Le scénario de l'industrie du film pour mettre fin au streaming",
	author = "Damien Leloup",
	howpublished = "Le Monde",
	year = "décembre 2011",
	note = "\url{http://www.lemonde.fr/technologies/article/2011/12/02/le-scenario-de-l-industrie-du-film-pour-mettre-fin-au-streaming_1612846_651865.html}"
}

@misc {
	allostreaming-fermeture,
	title = "AlloStreaming : premier blocage judiciaire d'un site de streaming, bientôt la censure privée ?",
	howpublished = "La Quadrature du Net",
	year = "novembre 2013",
	note = "\url{http://www.laquadrature.net/fr/allostreaming-premier-blocage-judiciaire-dun-site-de-streaming-bientot-la-censure-privee}"
}

@misc {
	megaupload-fermeture,
	title = "La fermeture de MegaUpload",
	howpublished = "L'Express",
	year = "janvier 2012",
	note = "\url{http://lexpansion.lexpress.fr/high-tech/la-fermeture-de-megaupload_1073869.html}"
}

@misc {
	megaupload-prejudice,
	title = "Megaupload wasn’t just for pirates: angry users out of luck for now",
	howpublished = "Ars Technica",
	year = "janvier 2012",
	note = "\url{http://arstechnica.com/gadgets/2012/01/megaupload-wasnt-just-for-pirates-angry-users-out-of-luck-for-now/}"
}

@misc {
	megaupload-proces,
	title = "L'affaire MegaUpload risque une annulation aux Etats-Unis",
	author = "Guillaume Champeau",
	howpublished = "Numerama",
	year = "mai 2013",
	note = "\url{http://www.numerama.com/magazine/25888-l-affaire-megaupload-risque-une-annulation-aux-etats-unis.html}"
}

@misc {
	podcast-industrie-musicale,
	title = "L'industrie musicale est-elle enfin sortie du marasme ?",
	author = "{S}oft {P}ower",
	howpublished = "France Culture (podcast)",
	year = "décembre 2013",
	note = "\url{http://www.franceculture.fr/emission-soft-power-l-industrie-musicale-est-elle-enfin-sortie-du-marasme-2013-12-29}"
}

@misc {
	radiohead,
	title = "Radiohead Asks Fans To Name Price For New Album",
	author = "Jonathan Cohen",
	howpublished = "Billboard",
	year = "octobre 2007",
	note = "\url{http://www.billboard.com/articles/news/1048766/radiohead-asks-fans-to-name-price-for-new-album}"
}

@misc {
	humble-indie-bundle,
	title = "Humble Indie Bundle",
	year = "mai 2014",
	note = "\url{http://humblebundle.com}"
}

@misc {
	humble-stats,
	title = "Statistics about the Humble Indie Bundles",
	year = "mai 2014",
	note = "\url{http://cheesetalks.twolofbees.com/humble/}"
}

@misc {
	low-prices-low-expectations,
	title = "Low prices, low expectations? Ars looks at indie game pricing",
	author = "Andrew Webster",
	year = "décembre 2010",
	howpublished = "Ars Technica",
	note = "\url{http://arstechnica.com/gaming/2010/12/low-prices-low-expectations-ars-looks-at-indie-game-pricing/}"
}

@misc {
	carte-musique-jeune-echec,
	title = "70 615 cartes musique jeune vendues",
	author = "Marc Rees",
	howpublished = "Next INpact",
	year = "octobre 2012",
	note = "\url{http://www.nextinpact.com/news/74236-70-615-cartes-musique-jeune-vendues.htm}"
}

@misc {
	carte-musique-jeune-arret,
	title = "La Carte Musique Jeune s'arrête dans une indifférence totale",
	author = "Guillaume Champeau",
	howpublished = "Numerama",
	year = "octobre 2012",
	note = "\url{http://www.numerama.com/magazine/23897-la-carte-musique-jeune-s-arrete-dans-une-indifference-totale.html}"
}

@misc {
	quadrature-filtrage,
	title = "La Neutralité du Net",
	author = "La Quadrature du Net",
	year = "mai 2014",
	note = "\url{http://www.laquadrature.net/fr/filtrage-du-net}"
}

@misc {
	licence-globale,
	title = "Hollande propose de remplacer la loi Hadopi par une forme de licence globale",
	howpublished = "Le Monde",
	year = "janvier 2012",
	note = "\url{http://www.lemonde.fr/technologies/article/2012/01/26/hollande-propose-de-remplacer-la-hadopi-par-une-forme-de-licence-globale_1634948_651865.html}"
}